@book{thrun2005,
	author = {Thrun, Sebastian and Burgard, Wolfram and Fox, Dieter},
	title = {Probabilistic Robotics (Intelligent Robotics and Autonomous Agents)},
	year = {2005},
	isbn = {0262201623},
	publisher = {The MIT Press},
} 

@misc{slamForDummies,
	author = {Søren Riisgaard and Morten Rufus Blas},
	title = {SLAM for Dummies},
	howpublished = {\url{https://ocw.mit.edu/courses/aeronautics-and-astronautics/16-412j-cognitive-robotics-spring-2005/projects/1aslam_blas_repo.pdf}},
}

@misc{frischenschlager2013,
	author = {Albin Frischenschlager},
	title = {SLAM Algorithm},
	year = {2013},
	howpublished = {\url{http://ti.tuwien.ac.at/cps/teaching/courses/networked-embedded-systems/seminar.pdf}},
}

@misc{brenner204,
	author = {Claus Brenner},
	title = {SLAM Lectures},
	year = {2014},
	howpublished = {\url{https://www.youtube.com/playlist?list=PLpUPoM7Rgzi_7YWn14Va2FODh7LzADBSm}},
}

@misc{sola204,
	author = {Joan Solà},
	title = {Simultaneous Localization and mapping with the extended Kalman Filter},
	year = {2014},
	howpublished = {\url{http://www.iri.upc.edu/people/jsola/JoanSola/objectes/curs_SLAM/SLAM2D/SLAM%20course.pdf}},
}